@thesis{baker_kinematics_2022,
	title = {Kinematics and Preliminary {FEMA} P-695 Evaluation of the {NewZ}-{BREAKSS} Steel Boundary Frame with Buckling Restrained Brace Structural Fuses},
	rights = {All rights reserved},
	type = {phdthesis},
	author = {Baker, Alexander M},
	date = {2022},
	note = {Publisher: Michigan Technological University},
}

@book{fema_quantification_2009,
  title = {Quantification of {{Building Seismic Performance Factors}}, {{FEMA P-695}}},
  shorttitle = {{{FEMA P-695}}},
  author = {{FEMA}},
  year = {2009},
  publisher = {{Federal Emergency Management Agency}},
  address = {{Washington, D. C.}},
}

@book{fema_recommended_2000,
  title = {Recommended {{Seismic Design Criteria}} for {{New Steel Moment-Frame Buildings}}, {{FEMA}} 350},
  shorttitle = {{{FEMA}} 350},
  author = {{FEMA}},
  year = {2000},
  publisher = {{Federal Emergency Management Agency}},
  address = {{Washington, D.C.}},
}

@article{vamvatsikos_incremental_2002,
  title = {Incremental Dynamic Analysis},
  author = {Vamvatsikos, Dimitrios and Cornell, C. Allin},
  year = {2002},
  journal = {Earthquake Engineering and Structural Dynamics},
  volume = {31},
  number = {3},
  pages = {491--514},
  issn = {0098-8847},
  keywords = {Collapse Capacity,Demand,Incremental Dynamic Analysis,Limit‐State,Non‐Linear Dynamic Analysis,Performance‐Based Earthquake Engineering},
  file = {G\:\\My Drive\\Research\\Articles\\Vamvatsikos-2002.pdf}
}

@article{vamvatsikos_performing_2011,
  title = {Performing Incremental Dynamic Analysis in Parallel},
  author = {Vamvatsikos, Dimitrios},
  year = {2011},
  journal = {Computers and Structures},
  volume = {89},
  number = {1},
  pages = {170--180},
  issn = {0045-7949},
  keywords = {Distributed Computing,Earthquake Engineering,Incremental Dynamic Analysis,Parallel Processing,Structures},
  file = {G\:\\My Drive\\Research\\Articles\\Vamvatsikos-2011.pdf}
}